2625 3784
403 490 831 581 :rranMENTAs
910 485 966 559 565

273 668 453 738 Mercurium
477 675 512 736 ad
537 679 656 739 AEneam
681 675 798 750 mittit,
828 675 969 755 quicum

276 764 355 827 abire
374 766 403 827 in
423 770 540 830 Italiam
555 771 663 853 jubeat.
682 771 768 831 Parat
782 770 859 831 elam
869 774 969 832 AEneas

275 861 375 922 omnia
394 863 429 924 ad
457 865 673 947 navigationem
694 863 871 926 necefl'aria:
894 867 971 944 quo'd

275 954 412 1036 suspicata
428 957 536 1029 Dido,
558 959 691 1040 precibus
711 965 737 1021 &
757 956 893 1038 lacrymis
917 958 970 1018 de-

274 1066 379 1114 terrere
398 1074 465 1116 eum
496 1056 534 1115 ab
566 1044 684 1136 incepto
709 1096 720 1127 ,
749 1071 815 1115 tum
838 1073 890 1135 per
912 1051 973 1124 se,

273 1161 406 1229 rumpet
429 1151 562 1212 sororem
585 1168 714 1216 conatur.
730 1154 835 1212 AEneas
862 1148 972 1211 iterum

272 1240 293 1304 d
314 1244 462 1307 Mercurio
481 1245 513 1305 in
535 1245 638 1306 somnis
662 1245 825 1308 admonitus
849 1295 859 1324 ,
880 1250 967 1308 nocie

273 1332 444 1415 intempestd
472 1335 608 1409 anchoras
639 1335 736 1399 solvit.
749 1340 834 1399 'Dido
859 1337 971 1400 doloris

275 1419 426 1503 impatiens
453 1466 464 1498 ‚
499 1429 656 1486 extrudam
687 1425 868 1490 simulatione
900 1425 971 1487 sacri

278 1524 384 1606 magici
419 1540 520 1605 'pyram
543 1525 765 1602 conscendens,
790 1529 851 1609 ipso
878 1531 976 1589 AEneae

277 1621 379 1707 gladio
400 1622 449 1682 fibi
468 1622 558 1685 vitam
578 1619 687 1681 adimit.

317 1724 401 1784 Unus
420 1722 468 1784 hic
486 1720 503 1784 ὲ
521 1720 599 1782 libris
611 1716 912 1801 omnibusplurimum
925 1737 973 1782 ar·

276 1811 314 1879 tis
333 1815 420 1877 babet
445 1838 480 1878 ac
510 1813 678 1888 suavitatis,
703 1812 854 1893 motusque
882 1810 972 1897 animi

276 1916 443 1977 tenerrimos
455 1915 583 1993 quosque
594 1935 629 1975 ac
642 1908 859 1976 violenrissimos
873 1934 881 1971 ε
896 1931 973 1991 ρτκ·

275 2010 371 2073 sertim
388 2010 419 2071 in·
443 2014 511 2073 odio
536 2009 657 2071 Didonis
682 2009 881 2080 orationibus,
904 2006 973 2086 qui·

278 2106 331 2167 bus
348 2108 376 2164 1.
402 2106 502 2166 Sorori
532 2124 661 2165 amorem
682 2103 795 2185 aperit,
817 2122 847 2165 v.
866 2125 896 2173 9.
921 2105 977 2163 ΙΙ,

277 2198 430 2264 Diffuadet
441 2204 539 2260 AEneae
550 2199 762 2281 profedionem
773 2219 822 2270 ,n
836 2218 904 2273 μσς.
915 2201 976 2263 111.

276 2295 378 2361 Eidem
400 2296 490 2358 multa
514 2295 693 2377 exprobrat,
717 2299 744 2352 ἃ
771 2292 863 2353 multa
888 2313 974 2355 eom-

275 2395 429 2469 minatur‚
452 2417 483 2457 v.
517 2413 585 2473 305.
612 2389 677 2454 IV.
697 2398 831 2452 Sororem
858 2390 976 2455 adhibet

274 2496 354 2577 apud
375 2494 496 2558 AE'neam
518 2490 766 2565 conciliatricem,
786 2510 818 2553 v·
837 2502 910 2565 416.
930 2490 972 2555 V.

276 2585 441 2669 Desperatis
465 2586 617 2658 omnibus,
639 2584 734 2666 speeie
747 2579 820 2647 sacri
842 2583 977 2668 magici,

278 2682 420 2744 moriendi
442 2679 594 2744 confilium
618 2676 706 2740 sorori
732 2672 883 2758 diffimulat
905 2724 916 2753 ,
939 2694 976 2742 v,

279 2780 351 2847 478.
368 2777 433 2836 vl.
456 2780 562 2839 Secum
578 2770 636 2855 ipsa
659 2772 837 2856 nodiuraria
856 2770 981 2837 confidit

279 2867 439 2956 ΨΜ·
458 2874 526 2955 534·
546 2868 636 2935 Vll.
660 2863 979 3005 FugientiupizTropn
