<?xml version="1.0" encoding="UTF-8"?>
<!DOCTYPE html PUBLIC "-//W3C//DTD XHTML 1.0 Transitional//EN"
    "http://www.w3.org/TR/xhtml1/DTD/xhtml1-transitional.dtd">
<html xmlns="http://www.w3.org/1999/xhtml" xml:lang="en" lang="en">
 <head>
  <title>
</title>
<meta http-equiv="Content-Type" content="text/html;charset=utf-8" />
  <meta name='ocr-system' content='tesseract 3.04.00' />
  <meta name='ocr-capabilities' content='ocr_page ocr_carea ocr_par ocr_line ocrx_word'/>
</head>
<body>
  <div class='ocr_page' id='page_1' title='image "./operacurisstudi01virggoog_0225.png"; bbox 0 0 2625 3784; ppageno 0'>
   <div class='ocr_carea' id='block_1_1' title="bbox 408 487 960 579">
    <p class='ocr_par' dir='ltr' id='par_1_1' title="bbox 408 487 960 579">
     <span class='ocr_line' id='line_1_1' title="bbox 408 487 960 579; baseline 0.031 -37"><span class='ocrx_word' id='word_1_1' title='bbox 408 487 562 546; x_wconf 73' lang='lat' dir='ltr'>mann</span> <span class='ocrx_word' id='word_1_2' title='bbox 599 490 795 559; x_wconf 71' lang='lat' dir='ltr'>stxrvs.</span> <span class='ocrx_word' id='word_1_3' title='bbox 901 504 960 579; x_wconf 73' lang='lat' dir='ltr'>ray</span> 
     </span>
    </p>
   </div>
   <div class='ocr_carea' id='block_1_2' title="bbox 259 628 963 1337">
    <p class='ocr_par' dir='ltr' id='par_1_2' title="bbox 259 628 963 1184">
     <span class='ocr_line' id='line_1_2' title="bbox 265 628 922 712; baseline 0.027 -32"><span class='ocrx_word' id='word_1_4' title='bbox 265 628 377 685; x_wconf 77' lang='lat' dir='ltr'>Educett</span> <span class='ocrx_word' id='word_1_5' title='bbox 389 630 467 684; x_wconf 79' lang='lat' dir='ltr'>viden</span> <span class='ocrx_word' id='word_1_6' title='bbox 483 645 510 682; x_wconf 86' lang='lat' dir='ltr'>ut</span> <span class='ocrx_word' id='word_1_7' title='bbox 523 634 631 697; x_wconf 82' lang='lat' dir='ltr'>geminae</span> <span class='ocrx_word' id='word_1_8' title='bbox 642 637 705 690; x_wconf 87' lang='lat' dir='ltr'>stant</span> <span class='ocrx_word' id='word_1_9' title='bbox 718 642 813 694; x_wconf 82' lang='lat' dir='ltr'>vertice</span> <span class='ocrx_word' id='word_1_10' title='bbox 829 644 922 712; x_wconf 80' lang='lat' dir='ltr'>crista,</span> 
     </span>
     <span class='ocr_line' id='line_1_3' title="bbox 264 706 925 786; baseline 0.032 -27"><span class='ocrx_word' id='word_1_11' title='bbox 264 710 300 759; x_wconf 81' lang='lat' dir='ltr'>Et</span> <span class='ocrx_word' id='word_1_12' title='bbox 313 722 382 773; x_wconf 80' lang='lat' dir='ltr'>pater</span> <span class='ocrx_word' id='word_1_13' title='bbox 394 709 446 775; x_wconf 85' lang='lat' dir='ltr'>ipse</span> <span class='ocrx_word' id='word_1_14' title='bbox 459 706 502 771; x_wconf 74' lang='lat' dir='ltr'>sun</span> <span class='ocrx_word' id='word_1_15' title='bbox 517 708 633 774; x_wconf 75' lang='lat' dir='ltr'>superam</span> <span class='ocrx_word' id='word_1_16' title='bbox 647 715 698 779; x_wconf 77' lang='lat' dir='ltr'>iam</span> <span class='ocrx_word' id='word_1_17' title='bbox 712 717 793 786; x_wconf 71' lang='lat' dir='ltr'>(ignat</span> <span class='ocrx_word' id='word_1_18' title='bbox 803 722 925 779; x_wconf 76' lang='lat' dir='ltr'>honore?</span> 
     </span>
     <span class='ocr_line' id='line_1_4' title="bbox 264 786 894 862; baseline 0.03 -29"><span class='ocrx_word' id='word_1_19' title='bbox 264 786 306 837; x_wconf 88' lang='lat' dir='ltr'>En</span> <span class='ocrx_word' id='word_1_20' title='bbox 317 786 406 849; x_wconf 80' lang='lat' dir='ltr'>hujus,</span> <span class='ocrx_word' id='word_1_21' title='bbox 421 799 495 845; x_wconf 82' lang='lat' dir='ltr'>nate,</span> <span class='ocrx_word' id='word_1_22' title='bbox 507 786 620 852; x_wconf 76' lang='lat' dir='ltr'>auspiciis</span> <span class='ocrx_word' id='word_1_23' title='bbox 636 794 684 845; x_wconf 88' lang='lat' dir='ltr'>illa</span> <span class='ocrx_word' id='word_1_24' title='bbox 695 795 792 862; x_wconf 79' lang='lat' dir='ltr'>inclyta</span> <span class='ocrx_word' id='word_1_25' title='bbox 808 801 894 852; x_wconf 81' lang='lat' dir='ltr'>Roma</span> 
     </span>
     <span class='ocr_line' id='line_1_5' title="bbox 264 861 898 939; baseline 0.025 -28"><span class='ocrx_word' id='word_1_26' title='bbox 264 861 407 927; x_wconf 77' lang='lat' dir='ltr'>Imperium</span> <span class='ocrx_word' id='word_1_27' title='bbox 423 862 512 923; x_wconf 83' lang='lat' dir='ltr'>terris,</span> <span class='ocrx_word' id='word_1_28' title='bbox 527 866 627 920; x_wconf 87' lang='lat' dir='ltr'>anirnos</span> <span class='ocrx_word' id='word_1_29' title='bbox 643 870 751 935; x_wconf 78' lang='lat' dir='ltr'>aequabit</span> <span class='ocrx_word' id='word_1_30' title='bbox 766 875 898 939; x_wconf 84' lang='lat' dir='ltr'>Olympo,</span> 
     </span>
     <span class='ocr_line' id='line_1_6' title="bbox 262 944 963 1018; baseline 0.024 -26"><span class='ocrx_word' id='word_1_31' title='bbox 262 944 412 1008; x_wconf 84' lang='lat' dir='ltr'>Septemque</span> <span class='ocrx_word' id='word_1_32' title='bbox 425 959 475 995; x_wconf 81' lang='lat' dir='ltr'>una</span> <span class='ocrx_word' id='word_1_33' title='bbox 487 944 532 997; x_wconf 86' lang='lat' dir='ltr'>fibi</span> <span class='ocrx_word' id='word_1_34' title='bbox 547 964 621 1001; x_wconf 85' lang='lat' dir='ltr'>muro</span> <span class='ocrx_word' id='word_1_35' title='bbox 633 952 798 1007; x_wconf 76' lang='lat' dir='ltr'>circumdabit</span> <span class='ocrx_word' id='word_1_36' title='bbox 816 971 901 1018; x_wconf 84' lang='lat' dir='ltr'>arces,</span> <span class='ocrx_word' id='word_1_37' title='bbox 923 987 928 998; x_wconf 69' lang='grc'><strong>«</strong></span> <span class='ocrx_word' id='word_1_38' title='bbox 960 978 963 984; x_wconf 92' lang='grc'><strong><em>·</em></strong></span> 
     </span>
     <span class='ocr_line' id='line_1_7' title="bbox 262 1020 919 1098; baseline 0.027 -26"><span class='ocrx_word' id='word_1_39' title='bbox 262 1020 340 1075; x_wconf 84' lang='lat' dir='ltr'>Felix</span> <span class='ocrx_word' id='word_1_40' title='bbox 352 1026 422 1088; x_wconf 87' lang='lat' dir='ltr'>prole</span> <span class='ocrx_word' id='word_1_41' title='bbox 438 1021 539 1075; x_wconf 80' lang='lat' dir='ltr'>sittim:</span> <span class='ocrx_word' id='word_1_42' title='bbox 553 1031 633 1090; x_wconf 85' lang='lat' dir='ltr'>qualis</span> <span class='ocrx_word' id='word_1_43' title='bbox 649 1034 817 1098; x_wconf 75' lang='lat' dir='ltr'>Berecynthia</span> <span class='ocrx_word' id='word_1_44' title='bbox 835 1050 919 1089; x_wconf 85' lang='lat' dir='ltr'>mater</span> 
     </span>
     <span class='ocr_line' id='line_1_8' title="bbox 259 1106 869 1184; baseline 0.023 -26"><span class='ocrx_word' id='word_1_45' title='bbox 259 1106 393 1161; x_wconf 76' lang='lat' dir='ltr'>Invehitur</span> <span class='ocrx_word' id='word_1_46' title='bbox 403 1126 477 1161; x_wconf 86' lang='lat' dir='ltr'>curru</span> <span class='ocrx_word' id='word_1_47' title='bbox 489 1113 609 1181; x_wconf 80' lang='lat' dir='ltr'>Phrygias</span> <span class='ocrx_word' id='word_1_48' title='bbox 619 1119 709 1169; x_wconf 86' lang='lat' dir='ltr'>turrita</span> <span class='ocrx_word' id='word_1_49' title='bbox 722 1134 766 1184; x_wconf 84' lang='lat' dir='ltr'>per</span> <span class='ocrx_word' id='word_1_50' title='bbox 778 1115 869 1181; x_wconf 84' lang='lat' dir='ltr'>urbes,</span> 
     </span>
    </p>

    <p class='ocr_par' dir='ltr' id='par_1_3' title="bbox 259 1182 935 1337">
     <span class='ocr_line' id='line_1_9' title="bbox 260 1182 923 1260; baseline 0.017 -23"><span class='ocrx_word' id='word_1_51' title='bbox 260 1185 334 1244; x_wconf 74' lang='lat' dir='ltr'>Laeta</span> <span class='ocrx_word' id='word_1_52' title='bbox 341 1182 427 1237; x_wconf 76' lang='lat' dir='ltr'>Derim</span> <span class='ocrx_word' id='word_1_53' title='bbox 441 1201 526 1251; x_wconf 80' lang='lat' dir='ltr'>partu,</span> <span class='ocrx_word' id='word_1_54' title='bbox 541 1207 644 1244; x_wconf 88' lang='lat' dir='ltr'>centum</span> <span class='ocrx_word' id='word_1_55' title='bbox 657 1199 790 1260; x_wconf 79' lang='lat' dir='ltr'>complexa</span> <span class='ocrx_word' id='word_1_56' title='bbox 799 1210 923 1260; x_wconf 77' lang='lat' dir='ltr'><strong>nepotes,</strong></span> 
     </span>
     <span class='ocr_line' id='line_1_10' title="bbox 259 1264 935 1337; baseline 0.024 -25"><span class='ocrx_word' id='word_1_57' title='bbox 259 1264 360 1316; x_wconf 86' lang='lat' dir='ltr'>Omnes</span> <span class='ocrx_word' id='word_1_58' title='bbox 375 1264 529 1326; x_wconf 80' lang='lat' dir='ltr'>coelicolas,</span> <span class='ocrx_word' id='word_1_59' title='bbox 545 1281 635 1323; x_wconf 86' lang='lat' dir='ltr'>omnes</span> <span class='ocrx_word' id='word_1_60' title='bbox 647 1272 732 1337; x_wconf 83' lang='lat' dir='ltr'>supera</span> <span class='ocrx_word' id='word_1_61' title='bbox 748 1277 799 1326; x_wconf 83' lang='lat' dir='ltr'>rita</span> <span class='ocrx_word' id='word_1_62' title='bbox 810 1289 935 1328; x_wconf 84' lang='lat' dir='ltr'>tenentes.</span> 
     </span>
    </p>
   </div>
   <div class='ocr_carea' id='block_1_3' title="bbox 278 1405 954 1543">
    <p class='ocr_par' dir='ltr' id='par_1_4' title="bbox 278 1405 954 1543">
     <span class='ocr_line' id='line_1_11' title="bbox 278 1405 954 1481; baseline 0.01 -22"><span class='ocrx_word' id='word_1_63' title='bbox 278 1405 338 1459; x_wconf 80' lang='lat' dir='ltr'>Huc</span> <span class='ocrx_word' id='word_1_64' title='bbox 349 1409 464 1475; x_wconf 82' lang='lat' dir='ltr'>geminas</span> <span class='ocrx_word' id='word_1_65' title='bbox 474 1424 540 1460; x_wconf 87' lang='lat' dir='ltr'>nunc</span> <span class='ocrx_word' id='word_1_66' title='bbox 552 1407 626 1463; x_wconf 68' lang='lat' dir='ltr'>ssetie</span> <span class='ocrx_word' id='word_1_67' title='bbox 641 1411 722 1476; x_wconf 84' lang='lat' dir='ltr'>acies,</span> <span class='ocrx_word' id='word_1_68' title='bbox 732 1412 954 1481; x_wconf 78' lang='lat' dir='ltr'>hancaspicegen-</span> 
     </span>
     <span class='ocr_line' id='line_1_12' title="bbox 316 1497 392 1543; baseline -0.013 -10"><span class='ocrx_word' id='word_1_69' title='bbox 316 1497 372 1533; x_wconf 69' lang='lat' dir='ltr'>tem</span> <span class='ocrx_word' id='word_1_70' title='bbox 382 1512 392 1543; x_wconf 68' lang='lat'>9</span> 
     </span>
    </p>
   </div>
   <div class='ocr_carea' id='block_1_4' title="bbox 254 1561 994 2183">
    <p class='ocr_par' dir='ltr' id='par_1_5' title="bbox 254 1561 994 2183">
     <span class='ocr_line' id='line_1_13' title="bbox 255 1561 899 1628; baseline 0 -10"><span class='ocrx_word' id='word_1_71' title='bbox 255 1562 437 1628; x_wconf 83' lang='lat' dir='ltr'>Romanosque</span> <span class='ocrx_word' id='word_1_72' title='bbox 448 1578 514 1617; x_wconf 85' lang='lat' dir='ltr'>tuos.</span> <span class='ocrx_word' id='word_1_73' title='bbox 530 1563 581 1615; x_wconf 85' lang='lat' dir='ltr'>Hic</span> <span class='ocrx_word' id='word_1_74' title='bbox 593 1561 693 1624; x_wconf 78' lang='lat' dir='ltr'>Caesar,</span> <span class='ocrx_word' id='word_1_75' title='bbox 706 1564 733 1615; x_wconf 73' lang='grc' dir='ltr'>δι</span> <span class='ocrx_word' id='word_1_76' title='bbox 746 1566 830 1616; x_wconf 88' lang='lat' dir='ltr'>omnis</span> <span class='ocrx_word' id='word_1_77' title='bbox 845 1566 899 1619; x_wconf 85' lang='lat' dir='ltr'>liili</span> 
     </span>
     <span class='ocr_line' id='line_1_14' title="bbox 255 1645 955 1713; baseline -0.004 -13"><span class='ocrx_word' id='word_1_78' title='bbox 255 1648 416 1713; x_wconf 80' lang='lat' dir='ltr'>Progenies,</span> <span class='ocrx_word' id='word_1_79' title='bbox 429 1661 552 1713; x_wconf 79' lang='lat' dir='ltr'>magnum</span> <span class='ocrx_word' id='word_1_80' title='bbox 565 1645 634 1699; x_wconf 85' lang='lat' dir='ltr'>Coeli</span> <span class='ocrx_word' id='word_1_81' title='bbox 643 1658 748 1697; x_wconf 84' lang='lat' dir='ltr'>ventura</span> <span class='ocrx_word' id='word_1_82' title='bbox 762 1645 805 1698; x_wconf 90' lang='lat' dir='ltr'>sub</span> <span class='ocrx_word' id='word_1_83' title='bbox 818 1662 904 1697; x_wconf 80' lang='lat' dir='ltr'>axem.</span> <span class='ocrx_word' id='word_1_84' title='bbox 952 1686 955 1692; x_wconf 92' lang='lat'>.</span> 
     </span>
     <span class='ocr_line' id='line_1_15' title="bbox 256 1724 994 1791; baseline 0.003 -13"><span class='ocrx_word' id='word_1_85' title='bbox 256 1726 311 1779; x_wconf 81' lang='lat' dir='ltr'>Hic</span> <span class='ocrx_word' id='word_1_86' title='bbox 320 1726 376 1787; x_wconf 87' lang='lat' dir='ltr'>vir,</span> <span class='ocrx_word' id='word_1_87' title='bbox 386 1726 427 1777; x_wconf 88' lang='lat' dir='ltr'>hic</span> <span class='ocrx_word' id='word_1_88' title='bbox 437 1728 491 1789; x_wconf 25' lang='lat' dir='ltr'>est‘,</span> <span class='ocrx_word' id='word_1_89' title='bbox 503 1724 551 1777; x_wconf 88' lang='lat' dir='ltr'>tibi</span> <span class='ocrx_word' id='word_1_90' title='bbox 563 1740 641 1788; x_wconf 87' lang='lat' dir='ltr'>quem</span> <span class='ocrx_word' id='word_1_91' title='bbox 645 1726 763 1789; x_wconf 81' lang='lat' dir='ltr'>promitti</span> <span class='ocrx_word' id='word_1_92' title='bbox 770 1725 854 1791; x_wconf 85' lang='lat' dir='ltr'>saepius</span> <span class='ocrx_word' id='word_1_93' title='bbox 861 1727 930 1780; x_wconf 81' lang='lat' dir='ltr'>audis</span> <span class='ocrx_word' id='word_1_94' title='bbox 942 1754 954 1791; x_wconf 86' lang='lat'>‚</span> <span class='ocrx_word' id='word_1_95' title='bbox 989 1779 994 1787; x_wconf 16' lang='lat' dir='ltr'>i</span> 
     </span>
     <span class='ocr_line' id='line_1_16' title="bbox 256 1803 863 1870; baseline -0.002 -12"><span class='ocrx_word' id='word_1_96' title='bbox 256 1806 383 1869; x_wconf 74' lang='lat' dir='ltr'>Augustus</span> <span class='ocrx_word' id='word_1_97' title='bbox 393 1804 490 1865; x_wconf 69' lang='lat' dir='ltr'>cesar,</span> <span class='ocrx_word' id='word_1_98' title='bbox 499 1805 564 1856; x_wconf 84' lang='lat' dir='ltr'>Divi</span> <span class='ocrx_word' id='word_1_99' title='bbox 579 1819 675 1870; x_wconf 83' lang='lat' dir='ltr'>genus,</span> <span class='ocrx_word' id='word_1_100' title='bbox 687 1821 758 1855; x_wconf 86' lang='lat' dir='ltr'>aurea</span> <span class='ocrx_word' id='word_1_101' title='bbox 770 1803 863 1857; x_wconf 84' lang='lat' dir='ltr'>condet</span> 
     </span>
     <span class='ocr_line' id='line_1_17' title="bbox 254 1878 853 1946; baseline -0.003 -13"><span class='ocrx_word' id='word_1_102' title='bbox 254 1884 349 1933; x_wconf 76' lang='lat' dir='ltr'>Saecata</span> <span class='ocrx_word' id='word_1_103' title='bbox 361 1883 404 1946; x_wconf 84' lang='lat' dir='ltr'>qui</span> <span class='ocrx_word' id='word_1_104' title='bbox 418 1878 498 1931; x_wconf 81' lang='lat' dir='ltr'>rursus</span> <span class='ocrx_word' id='word_1_105' title='bbox 508 1880 604 1940; x_wconf 83' lang='lat' dir='ltr'>Latio,</span> <span class='ocrx_word' id='word_1_106' title='bbox 619 1893 721 1945; x_wconf 83' lang='lat' dir='ltr'>regnata</span> <span class='ocrx_word' id='word_1_107' title='bbox 732 1896 777 1944; x_wconf 85' lang='lat' dir='ltr'>per</span> <span class='ocrx_word' id='word_1_108' title='bbox 792 1897 853 1933; x_wconf 78' lang='lat' dir='ltr'>arva</span> 
     </span>
     <span class='ocr_line' id='line_1_18' title="bbox 254 1958 948 2027; baseline -0.004 -11"><span class='ocrx_word' id='word_1_109' title='bbox 254 1968 360 2016; x_wconf 81' lang='lat' dir='ltr'>Saturno</span> <span class='ocrx_word' id='word_1_110' title='bbox 368 1964 513 2027; x_wconf 80' lang='lat' dir='ltr'>quondam,</span> <span class='ocrx_word' id='word_1_111' title='bbox 526 1960 597 2026; x_wconf 82' lang='lat' dir='ltr'>super</span> <span class='ocrx_word' id='word_1_112' title='bbox 613 1960 641 2011; x_wconf 74' lang='grc' dir='ltr'>δι</span> <span class='ocrx_word' id='word_1_113' title='bbox 652 1963 817 2013; x_wconf 81' lang='lat' dir='ltr'>Garamantas</span> <span class='ocrx_word' id='word_1_114' title='bbox 831 1958 948 2013; x_wconf 84' lang='lat' dir='ltr'>&amp;Indos</span> 
     </span>
     <span class='ocr_line' id='line_1_19' title="bbox 254 2036 903 2107; baseline -0.011 -12"><span class='ocrx_word' id='word_1_115' title='bbox 254 2046 370 2100; x_wconf 73' lang='lat' dir='ltr'>Profert:</span> <span class='ocrx_word' id='word_1_116' title='bbox 383 2042 538 2107; x_wconf 83' lang='lat' dir='ltr'>imperium:</span> <span class='ocrx_word' id='word_1_117' title='bbox 554 2040 619 2101; x_wconf 79' lang='lat' dir='ltr'>iacet</span> <span class='ocrx_word' id='word_1_118' title='bbox 632 2053 703 2089; x_wconf 83' lang='lat' dir='ltr'>extra</span> <span class='ocrx_word' id='word_1_119' title='bbox 717 2036 795 2090; x_wconf 82' lang='lat' dir='ltr'>fidtra</span> <span class='ocrx_word' id='word_1_120' title='bbox 811 2041 903 2100; x_wconf 83' lang='lat' dir='ltr'>tellus,</span> 
     </span>
     <span class='ocr_line' id='line_1_20' title="bbox 257 2116 877 2183; baseline -0.016 -6"><span class='ocrx_word' id='word_1_121' title='bbox 257 2130 337 2183; x_wconf 79' lang='lat' dir='ltr'>Extra</span> <span class='ocrx_word' id='word_1_122' title='bbox 348 2126 408 2174; x_wconf 87' lang='lat' dir='ltr'>anni</span> <span class='ocrx_word' id='word_1_123' title='bbox 423 2119 535 2183; x_wconf 85' lang='lat' dir='ltr'>Solisque</span> <span class='ocrx_word' id='word_1_124' title='bbox 549 2119 602 2169; x_wconf 84' lang='lat' dir='ltr'>vias</span> <span class='ocrx_word' id='word_1_125' title='bbox 610 2146 619 2176; x_wconf 86' lang='lat'>‚</span> <span class='ocrx_word' id='word_1_126' title='bbox 635 2116 679 2167; x_wconf 87' lang='lat' dir='ltr'>ubi</span> <span class='ocrx_word' id='word_1_127' title='bbox 695 2120 792 2169; x_wconf 83' lang='lat' dir='ltr'>coeiifer</span> <span class='ocrx_word' id='word_1_128' title='bbox 804 2120 877 2168; x_wconf 76' lang='lat' dir='ltr'>Atlas</span> 
     </span>
    </p>
   </div>
   <div class='ocr_carea' id='block_1_5' title="bbox 254 2185 1032 2257">
    <p class='ocr_par' dir='ltr' id='par_1_6' title="bbox 254 2185 1032 2257">
     <span class='ocr_line' id='line_1_21' title="bbox 254 2185 1032 2257; baseline -0.022 -1"><span class='ocrx_word' id='word_1_129' title='bbox 254 2210 347 2257; x_wconf 86' lang='lat' dir='ltr'>Axem</span> <span class='ocrx_word' id='word_1_130' title='bbox 364 2201 471 2250; x_wconf 86' lang='lat' dir='ltr'>humeto</span> <span class='ocrx_word' id='word_1_131' title='bbox 483 2185 591 2257; x_wconf 83' lang='lat' dir='ltr'>&#39;torquet</span> <span class='ocrx_word' id='word_1_132' title='bbox 603 2194 681 2244; x_wconf 83' lang='lat' dir='ltr'>stellis</span> <span class='ocrx_word' id='word_1_133' title='bbox 694 2191 837 2244; x_wconf 74' lang='lat' dir='ltr'>ardentibus</span> <span class='ocrx_word' id='word_1_134' title='bbox 851 2207 947 2257; x_wconf 82' lang='lat' dir='ltr'>aptum.</span> <span class='ocrx_word' id='word_1_135' title='bbox 1027 2210 1032 2227; x_wconf 60' lang='lat' dir='ltr'>r</span> 
     </span>
    </p>
   </div>
   <div class='ocr_carea' id='block_1_6' title="bbox 249 2271 955 2905">
    <p class='ocr_par' dir='ltr' id='par_1_7' title="bbox 249 2271 955 2905">
     <span class='ocr_line' id='line_1_22' title="bbox 253 2271 920 2345; baseline -0.015 -10"><span class='ocrx_word' id='word_1_136' title='bbox 253 2282 339 2345; x_wconf 81' lang='lat' dir='ltr'>Huius</span> <span class='ocrx_word' id='word_1_137' title='bbox 354 2281 384 2331; x_wconf 90' lang='lat' dir='ltr'>in</span> <span class='ocrx_word' id='word_1_138' title='bbox 399 2277 536 2331; x_wconf 85' lang='lat' dir='ltr'>adventurn</span> <span class='ocrx_word' id='word_1_139' title='bbox 555 2272 607 2338; x_wconf 78' lang='lat' dir='ltr'>iarn</span> <span class='ocrx_word' id='word_1_140' title='bbox 621 2287 688 2323; x_wconf 86' lang='lat' dir='ltr'>nunc</span> <span class='ocrx_word' id='word_1_141' title='bbox 704 2273 731 2323; x_wconf 85' lang='lat'>&amp;</span> <span class='ocrx_word' id='word_1_142' title='bbox 745 2271 832 2337; x_wconf 77' lang='lat' dir='ltr'>Caspia</span> <span class='ocrx_word' id='word_1_143' title='bbox 844 2288 920 2339; x_wconf 83' lang='lat' dir='ltr'>regna</span> 
     </span>
     <span class='ocr_line' id='line_1_23' title="bbox 253 2351 914 2428; baseline -0.023 -12"><span class='ocrx_word' id='word_1_144' title='bbox 253 2359 386 2428; x_wconf 82' lang='lat' dir='ltr'>Responfis</span> <span class='ocrx_word' id='word_1_145' title='bbox 399 2361 503 2411; x_wconf 83' lang='lat' dir='ltr'>horrent</span> <span class='ocrx_word' id='word_1_146' title='bbox 512 2351 630 2411; x_wconf 68' lang='lat' dir='ltr'>nivini,</span> <span class='ocrx_word' id='word_1_147' title='bbox 647 2352 675 2403; x_wconf 76' lang='grc' dir='ltr'>δι</span> <span class='ocrx_word' id='word_1_148' title='bbox 687 2352 805 2404; x_wconf 78' lang='lat' dir='ltr'>Maeotica</span> <span class='ocrx_word' id='word_1_149' title='bbox 821 2353 914 2414; x_wconf 86' lang='lat' dir='ltr'>tellus,</span> 
     </span>
     <span class='ocr_line' id='line_1_24' title="bbox 254 2435 893 2512; baseline -0.019 -15"><span class='ocrx_word' id='word_1_150' title='bbox 254 2447 291 2498; x_wconf 84' lang='lat' dir='ltr'>Et</span> <span class='ocrx_word' id='word_1_151' title='bbox 303 2445 398 2512; x_wconf 84' lang='lat' dir='ltr'>septem</span> <span class='ocrx_word' id='word_1_152' title='bbox 411 2441 511 2509; x_wconf 83' lang='lat' dir='ltr'>gemini</span> <span class='ocrx_word' id='word_1_153' title='bbox 526 2435 627 2491; x_wconf 81' lang='lat' dir='ltr'>turbant</span> <span class='ocrx_word' id='word_1_154' title='bbox 636 2435 735 2501; x_wconf 86' lang='lat' dir='ltr'>trepida</span> <span class='ocrx_word' id='word_1_155' title='bbox 752 2435 812 2486; x_wconf 88' lang='lat' dir='ltr'>ostia</span> <span class='ocrx_word' id='word_1_156' title='bbox 822 2435 893 2489; x_wconf 73' lang='lat' dir='ltr'>Nili.</span> 
     </span>
     <span class='ocr_line' id='line_1_25' title="bbox 251 2511 856 2580; baseline -0.03 1"><span class='ocrx_word' id='word_1_157' title='bbox 251 2528 310 2580; x_wconf 85' lang='lat' dir='ltr'>Nec</span> <span class='ocrx_word' id='word_1_158' title='bbox 320 2523 384 2578; x_wconf 76' lang='lat' dir='ltr'>veri)</span> <span class='ocrx_word' id='word_1_159' title='bbox 400 2520 509 2575; x_wconf 81' lang='lat' dir='ltr'>Alcides</span> <span class='ocrx_word' id='word_1_160' title='bbox 524 2529 624 2568; x_wconf 85' lang='lat' dir='ltr'>tantum</span> <span class='ocrx_word' id='word_1_161' title='bbox 640 2514 737 2565; x_wconf 82' lang='lat' dir='ltr'>telluris</span> <span class='ocrx_word' id='word_1_162' title='bbox 754 2511 856 2565; x_wconf 79' lang='lat' dir='ltr'>obivit:</span> 
     </span>
     <span class='ocr_line' id='line_1_26' title="bbox 253 2592 918 2667; baseline -0.018 -11"><span class='ocrx_word' id='word_1_163' title='bbox 253 2605 353 2657; x_wconf 71' lang='lat' dir='ltr'>fixerit</span> <span class='ocrx_word' id='word_1_164' title='bbox 368 2600 503 2667; x_wconf 81' lang='lat' dir='ltr'>aeripedem</span> <span class='ocrx_word' id='word_1_165' title='bbox 516 2609 617 2647; x_wconf 75' lang='lat' dir='ltr'>cervam</span> <span class='ocrx_word' id='word_1_166' title='bbox 626 2594 702 2654; x_wconf 81' lang='lat' dir='ltr'>iicet,</span> <span class='ocrx_word' id='word_1_167' title='bbox 717 2606 758 2644; x_wconf 86' lang='lat' dir='ltr'>aut</span> <span class='ocrx_word' id='word_1_168' title='bbox 768 2592 918 2656; x_wconf 78' lang='lat' dir='ltr'>Erymanthi</span> 
     </span>
     <span class='ocr_line' id='line_1_27' title="bbox 252 2673 912 2739; baseline -0.024 -3"><span class='ocrx_word' id='word_1_169' title='bbox 252 2682 351 2738; x_wconf 85' lang='lat' dir='ltr'>Pacatit</span> <span class='ocrx_word' id='word_1_170' title='bbox 361 2696 479 2739; x_wconf 83' lang='lat' dir='ltr'>nemora,</span> <span class='ocrx_word' id='word_1_171' title='bbox 496 2679 524 2728; x_wconf 70' lang='grc' dir='ltr'>δι</span> <span class='ocrx_word' id='word_1_172' title='bbox 539 2678 651 2727; x_wconf 83' lang='lat' dir='ltr'>Lernam</span> <span class='ocrx_word' id='word_1_173' title='bbox 661 2673 830 2725; x_wconf 83' lang='lat' dir='ltr'>tremefecerit</span> <span class='ocrx_word' id='word_1_174' title='bbox 843 2687 912 2723; x_wconf 84' lang='lat' dir='ltr'>arcu.</span> 
     </span>
     <span class='ocr_line' id='line_1_28' title="bbox 250 2749 955 2824; baseline -0.02 -12"><span class='ocrx_word' id='word_1_175' title='bbox 250 2764 327 2820; x_wconf 82' lang='lat' dir='ltr'>Nec,</span> <span class='ocrx_word' id='word_1_176' title='bbox 340 2761 383 2824; x_wconf 85' lang='lat' dir='ltr'>qni</span> <span class='ocrx_word' id='word_1_177' title='bbox 400 2756 544 2823; x_wconf 71' lang='lat' dir='ltr'>Pampineis</span> <span class='ocrx_word' id='word_1_178' title='bbox 557 2754 639 2805; x_wconf 78' lang='lat' dir='ltr'>vi8ror</span> <span class='ocrx_word' id='word_1_179' title='bbox 652 2753 711 2819; x_wconf 71' lang='lat' dir='ltr'>&#39;tuga</span> <span class='ocrx_word' id='word_1_180' title='bbox 724 2751 806 2807; x_wconf 64' lang='lat' dir='ltr'>flectit</span> <span class='ocrx_word' id='word_1_181' title='bbox 820 2749 925 2804; x_wconf 84' lang='lat' dir='ltr'>habenis</span> <span class='ocrx_word' id='word_1_182' title='bbox 953 2776 955 2780; x_wconf 94' lang='lat'>·</span> 
     </span>
     <span class='ocr_line' id='line_1_29' title="bbox 249 2830 859 2905; baseline -0.033 -9"><span class='ocrx_word' id='word_1_183' title='bbox 249 2836 332 2896; x_wconf 82' lang='lat' dir='ltr'>Liber</span> <span class='ocrx_word' id='word_1_184' title='bbox 339 2867 349 2902; x_wconf 88' lang='lat'>,</span> <span class='ocrx_word' id='word_1_185' title='bbox 361 2850 437 2905; x_wconf 82' lang='lat' dir='ltr'>agens</span> <span class='ocrx_word' id='word_1_186' title='bbox 449 2832 514 2890; x_wconf 81' lang='lat' dir='ltr'>celso</span> <span class='ocrx_word' id='word_1_187' title='bbox 526 2830 603 2895; x_wconf 65' lang='lat' dir='ltr'>Nysa</span> <span class='ocrx_word' id='word_1_188' title='bbox 614 2830 646 2885; x_wconf 86' lang='lat' dir='ltr'>de</span> <span class='ocrx_word' id='word_1_189' title='bbox 661 2831 756 2888; x_wconf 79' lang='lat' dir='ltr'>vertice</span> <span class='ocrx_word' id='word_1_190' title='bbox 768 2831 859 2893; x_wconf 81' lang='lat' dir='ltr'>tigres.</span> 
     </span>
    </p>
   </div>
   <div class='ocr_carea' id='block_1_7' title="bbox 691 2903 848 2967">
    <p class='ocr_par' dir='ltr' id='par_1_8' title="bbox 691 2903 848 2967">
     <span class='ocr_line' id='line_1_30' title="bbox 691 2903 848 2967; baseline -0.006 -21"><span class='ocrx_word' id='word_1_191' title='bbox 691 2903 848 2967; x_wconf 43' lang='grc' dir='ltr'>,ορ</span> 
     </span>
    </p>
   </div>
   <div class='ocr_carea' id='block_1_8' title="bbox 0 0 1318 3784">
    <p class='ocr_par' dir='ltr' id='par_1_9' title="bbox 0 0 1318 3784">
     <span class='ocr_line' id='line_1_31' title="bbox 0 0 1318 3784; baseline 0 3"><span class='ocrx_word' id='word_1_192' title='bbox 0 0 1318 3784; x_wconf 95' lang='lat' dir='ltr'> </span> 
     </span>
    </p>
   </div>
  </div>
 </body>
</html>
