2625 3784
281 366 310 427 κ’
402 365 845 435 'ARGUMENTUM

281 519 375 601 vilse,
394 527 460 592 cim
474 530 505 592 in
526 530 655 593 Africam
674 531 848 615 tempestate
864 525 970 615 eietiut

282 618 346 693 est3
365 622 434 701 quid
453 622 633 701 enimcum,
649 643 764 689 mortuo
782 642 887 707 patre,
907 623 971 685 fatis

280 711 314 780 iu
335 720 450 783 Italiam
473 724 673 799 vocantibus,
698 721 799 788 tliutiirs
820 723 851 785 in
875 721 973 783 Sicilia

283 815 443 880 tenuiffet?
467 822 544 881 Tum
561 820 639 883 addit
664 822 801 884 eumdem
823 819 853 882 in
874 819 974 881 Africa

284 932 376 981 totam
397 917 560 1000 hyemem.
585 940 670 1003 atque
689 925 763 988 adeo
781 938 890 985 annum
911 917 974 984 fere

282 1010 454 1084 traduxisse3
473 1012 610 1093 liquidem
628 1015 695 1078 inde
724 1016 828 1079 iterum
852 1016 882 1076 iu
897 1013 976 1076 sici-

280 1102 357 1173 liam
379 1106 495 1171 ineunte
517 1129 585 1173 vete
614 1110 785 1196 trajiciens,
814 1109 977 1173 anniversa-

284 1198 342 1265 rios
360 1201 431 1283 patri
447 1200 532 1265 ludos
552 1203 727 1269 celebravit:
745 1202 862 1284 reliquis
876 1218 976 1263 auteur

283 1292 317 1357 in
338 1294 422 1355 Italia
439 1295 572 1384 praelati
598 1296 681 1381 gestit
700 1296 808 1358 menses
823 1291 980 1354 minimum

286 1404 411 1470 quatuor
442 1389 498 1453 effe
525 1390 700 1455 tribuendos.
735 1396 846 1475 Pugnat
877 1403 977 1449 contra

285 1485 450 1571 Segrefius,
472 1486 502 1548 in
521 1488 638 1575 egregia
657 1486 823 1552 Praefationc
845 1482 882 1546 ad
904 1483 981 1545 Gal-

287 1579 375 1658 licam
401 1581 536 1644 AEneidos
559 1584 823 1665 interpretationem
847 1603 864 1641 ε·
878 1580 976 1642 osten·

287 1678 386 1758 dicque
416 1684 536 1741 AEneam
570 1680 586 1743 ὲ
621 1680 720 1743 Sicilia
754 1678 862 1742 nonnifi
895 1677 979 1760 Julio

286 1768 414 1842 mense,
447 1788 546 1849 quarto
573 1790 677 1851 nempe
701 1770 764 1851 poll
789 1769 900 1832 obitum
925 1791 979 1851 pa-

286 1865 360 1937 tris,
380 1862 410 1924 in
435 1863 563 1925 Africam
588 1860 724 1945 appulisse
748 1885 757 1924 t
777 1878 840 1923 toto
864 1861 918 1924 illo
933 1863 980 1925 in·

287 1965 412 2029 tervallo
437 1962 599 2047 temporis,
617 1964 669 2027 vel
686 1960 844 2026 reficiendae
878 1961 985 2038 classi,
1015 2009 1028 2041 a

287 2062 339 2127 vel
353 2063 530 2147 expeciandae
553 2061 713 2138 commodae
738 2061 896 2145 tempestati
909 2084 981 2135 ,cu-

287 2156 379 2239 risque
407 2161 467 2223 aliis
489 2160 627 2239 impenso.
652 2164 752 2239 Atque
776 2160 817 2219 ita
845 2159 981 2241 legitimo

288 2254 373 2319 unius
386 2252 451 2314 anni
472 2252 560 2333 spatio
580 2249 676 2313 AEneis
694 2268 756 2312 tota
767 2251 980 2315 continebitur:

288 2346 370 2429 quod
382 2345 434 2407 suis
444 2345 516 2408 locis
527 2344 728 2429 probabimus,
742 2345 891 2433 prasertim
902 2346 930 2407 l.·
950 2369 979 2415 1.

289 2458 322 2513 5·
340 2462 407 2517 539·
423 2448 450 2503 &
469 2453 540 2516 760.

330 2540 502 2614 FABULA,
529 2538 586 2603 five
605 2537 680 2599 aiiio
703 2534 756 2599 suis
776 2530 906 2615 episodiis
928 2556 981 2598 ot-

290 2655 380 2712 nata,
403 2636 492 2717 repeti
514 2635 605 2719 potest
626 2654 664 2695 ex
680 2626 853 2717 argumentis
875 2628 984 2711 cuique

290 2734 370 2812 libro
388 2731 526 2822 prefixit:
545 2728 581 2796 ci
597 2747 694 2795 tamen
717 2726 875 2800 caruiotre,
892 2724 982 2799 ιω
