2625 3784
406 503 562 564 rrnrn
596 499 877 563 sucunoun
945 521 980 578 ς,

323 641 365 696 Est
373 642 430 696 urbe
438 646 534 712 egreffie
541 646 650 697 tumulus
659 674 668 705 ‚
678 646 853 708 remmumquo
862 643 985 694 vetustum

294 721 405 778 Desertae
415 730 530 789 Cereris,
545 728 663 791 iuxtaque
676 728 778 789 antiqua
790 723 907 787 cupressus
920 751 932 783 ς

296 803 432 870 Religione
446 821 543 870 potrum
555 806 650 855 multos
664 803 760 855 servata
771 818 815 867 per
831 817 931 851 annoto

295 885 368 937 Hanc
379 904 412 939 ex
423 887 521 940 diverso
534 888 619 939 sedem
631 888 765 940 veniemus
776 887 805 936 in
819 900 905 935 unam.

295 967 460 1034 Tu,gem'tor
468 1001 476 1031 ,
484 985 541 1034 cape
549 967 613 1018 sacra
620 984 698 1019 manu
706 1000 714 1030 ‚
722 966 860 1031 patriosque
867 962 989 1018 Penatet³

294 1047 341 1100 Me
354 1046 421 1099 bello
436 1045 450 1098 ὲ
463 1063 535 1099 tanto
547 1049 701 1113 digrcssirm,
717 1048 744 1098 δι
758 1046 823 1097 caedc
836 1045 932 1097 recenti
946 1074 957 1107 ‚

294 1134 436 1185 Antestare
448 1137 515 1185 nefas
526 1164 535 1195 ‚
548 1133 628 1186 donec
639 1148 685 1185 me
698 1130 806 1186 flumine
818 1131 881 1184 vivo

236 1210 420 1264 mnbluero.

325 1365 390 1415 Haec
403 1367 466 1416 fatos
478 1395 487 1425 ‚
501 1365 564 1415 loros
576 1365 715 1423 humeros,
729 1331 959 1426 subiectionem

297 1443 374 1492 Veste
388 1441 478 1505 super,
491 1444 602 1503 fulvique
615 1442 737 1490 insternor
752 1441 817 1503 pelle
829 1442 911 1492 leonis
923 1470 933 1500 ,

297 1514 457 1576 Succedoque
472 1516 546 1563 oneri
561 1532 568 1562 z
582 1515 678 1564 dextrae
692 1513 717 1565 se
729 1529 818 1577 parvus
829 1513 900 1563 Iiilus

301 1589 877 1655 implicuit‚sequiturquepattemnonpassibus
884 1593 973 1654 equit:

302 1672 373 1723 Pone
386 1667 451 1720 subit
465 1668 578 1731 coniux,
595 1670 701 1720 ferimur
714 1684 841 1733 peropaca
854 1672 968 1722 locorum
981 1687 993 1722 ι

299 1756 334 1808 Et
350 1770 411 1814 me,
425 1769 500 1816 quem
513 1751 607 1804 dudum
621 1770 673 1803 non
689 1754 740 1802 ulla
753 1752 841 1813 inierit
856 1752 994 1808 movebant

302 1831 386 1889 Telo,
399 1845 478 1892 neque
485 1827 586 1880 adverso
594 1829 730 1894 glomerati
737 1844 769 1877 ex
776 1828 877 1894 agmine
883 1830 969 1893 Graii,

301 1913 378 1965 Nunc
385 1925 474 1960 omnes
483 1923 578 1959 terrent
585 1923 649 1957 aurae
659 1937 668 1964 ,
679 1906 751 1957 sonus
760 1908 853 1960 excitat
861 1910 948 1960 omnis

299 1987 446 2053 Suspensum
458 2014 467 2044 ,
482 1988 508 2036 δι
519 1986 609 2050 pariter
620 1985 756 2049 comitique
764 1987 883 2050 onerique
894 1987 992 2038 timen-

392 2081 459 2118 tem.

236 2235 289 2276 m.
335 2215 639 2283 Jamquepropinquabom
647 2214 994 2281 portie,omnemquevidebtr

305 2294 409 2356 Evrfiss'e
423 2299 493 2348 viam
508 2315 515 2346 :
530 2297 610 2349 subito
625 2294 685 2347 cirm
696 2295 781 2348 creber
794 2297 824 2347 ad
839 2312 908 2347 aures

304 2375 992 2443 Visusadessepedumsonitus;genitorquepcrumbrnm

304 2456 475 2523 Prospicieos,
490 2471 564 2515 nate,
578 2458 716 2516 exclnnar,
725 2458 798 2522 fuge,
810 2470 880 2518 nate,
890 2455 993 2522 propin·

398 2547 475 2597 quant
486 2547 496 2577 ι·

305 2605 434 2662 Ardentes
446 2611 566 2673 clypeos,
582 2620 654 2672 itque
666 2624 713 2659 aern
725 2605 842 2664 micantia
854 2630 938 2666 cerno.

308 2682 433 2735 Hiemihi
442 2684 523 2736 nescio
530 2685 596 2747 quod
603 2685 702 2750 trepido
710 2691 775 2739 male
784 2704 876 2742 nomen
883 2691 994 2741 amicum

311 2757 444 2809 Confusam
456 2759 547 2823 eripuit
558 2775 673 2812 mentem
688 2778 694 2807 ε
710 2778 815 2826 namque
825 2768 882 2816 avia
896 2761 965 2813 cursu

309 2833 384 2888 Dum
397 2831 502 2898 sequor,
515 2837 541 2890 δι
554 2852 613 2892 non
627 2837 723 2893 excedo
734 2843 840 2908 regione
852 2843 978 2901 vianmr
