2625 3784
311 490 353 577 ἡ
415 492 865 565 ᾉησυΜεΝτυΜ

310 674 426 737 rumque
447 660 562 729 docens,
579 662 663 744 'atque
680 680 759 738 arma
771 662 923 743 virumque
942 675 993 742 pe*

307 741 399 825 ritus,
412 751 472 819 &a
492 755 527 813 Et
545 751 616 817 γετὸ
635 750 726 815 abeffe
740 753 859 834 praevios
871 770 994 833 quatuo!

306 844 401 907 versus
427 843 444 907 i
468 847 549 908 MSS.
575 845 768 925 antiquiffimis
789 845 905 908 testatur
929 843 997 930 Pie·

306 937 365 1000 rius
381 965 391 998 .·
410 938 484 1001 adeo
497 956 531 1002 ut
542 945 585 1005 N.
603 939 733 1002 Heinfius
744 960 798 1003 nee
815 938 932 1002 editioni
942 936 997 999 suae

307 1033 440 1119 dignatus
459 1036 492 1097 fit
514 1036 683 1099 adscribere.
705 1025 809 1120 Vulgd
831 1052 928 1097 tamen
946 1031 1000 1093 ad·

307 1131 488 1206 scribuntur,
504 1130 551 1191 sed
567 1130 693 1193 seorsum
703 1132 738 1191 ab
748 1130 809 1192 aliis
819 1128 999 1205 consequen·

307 1219 382 1282 tibus
394 1244 402 1281 ε
424 1220 500 1283 unde
513 1219 669 1305 conjiciunt
680 1223 811 1304 plerique
823 1221 839 1285 i
852 1228 953 1284 Tucca
969 1224 998 1280 δε

306 1311 416 1401 Varie),
429 1317 503 1397 quafi
513 1340 612 1399 parum
626 1335 707 1400 aptos
719 1317 789 1378 tanti
803 1315 898 1397 operis
909 1335 1002 1377 exor-

309 1408 380 1484 dio,
399 1409 477 1473 fitiffe
497 1409 621 1473 sublatos
635 1432 646 1485 3
663 1411 750 1473 fastos
765 1431 862 1473 tamen
873 1408 889 1472 i
899 1407 1002 1493 Virgi-

309 1498 352 1566 lio
362 1527 371 1566 ε
383 1526 441 1565 non
451 1501 566 1583 quidem
577 1521 610 1566 ut
621 1503 771 1566 exordium
780 1547 792 1576 ,
801 1504 847 1565 sed
858 1519 891 1565 ut
903 1506 1001 1565 austo-

309 1598 347 1660 ris
372 1589 549 1684 iignaculum
569 1616 748 1680 notamque,
765 1597 857 1682 operis
881 1588 1003 1660 editioni

308 1691 535 1776 praefigendam,
556 1697 583 1753 &
605 1693 682 1755 inter
706 1685 882 1755 recitandum
901 1693 936 1752 ab
961 1710 1000 1753 eo

309 1781 446 1865 supprimi
461 1783 573 1843 solitam
589 1806 598 1842 ε
619 1783 696 1845 unde
717 1783 790 1847 ciem·
803 1785 898 1847 statim
919 1783 1001 1847 ordi.

305 1894 384 1940 retur
395 1879 430 1937 ab
442 1920 452 1947 ,
469 1884 556 1936 Arma
567 1875 720 1957 'virumque
731 1922 742 1948 ‚
754 1873 814 1942 (rc.
828 1879 933 1959 poema
949 1880 1000 1941 sub

307 1962 350 2030 his
371 1967 495 2029 versibus
507 2010 518 2041 ,
530 1984 590 2028 non
607 1968 656 2030 sub
666 1968 750 2041 aliis,
764 1970 911 2031 innutuiffe
931 1992 1002 2054 pro-

309 2064 403 2125 babile
419 2062 468 2124 est.
555 2112 558 2117 ,

352 2164 446 2218 Nexus
455 2200 467 2229 ‚
478 2153 545 2216 totis
568 2152 725 2215 duodecim
743 2152 845 2228 libris,
862 2155 898 2217 ad
913 2156 1005 2239 usque,
1034 2218 1038 2225 ,

312 2248 446 2317 duellum
458 2254 553 2312 AEneae
569 2269 638 2310 cum
650 2254 750 2310 Turno
767 2248 900 2331 pertinet.

351 2348 454 2411 Salutio
464 2344 564 2423 incipit
574 2342 592 2403 d
604 2342 717 2402 duello.

353 2445 483 2529 Episodia
496 2442 575 2512 sunt,
587 2437 706 2509 Junonis
719 2437 869 2502 confilium
882 2435 918 2504 de
936 2440 1003 2505 sui>-⁸

313 2538 449 2605 vertenda
461 2537 585 2615 Ttojana
607 2526 690 2595 claffe
704 2575 715 2607 ‚
731 2537 825 2595 AEneae
848 2529 924 2619 apud
948 2534 1004 2598 Di·

316 2627 423 2692 donem
434 2627 571 2699 diversio,
584 2646 719 2696 amores,
739 2627 864 2691 narratio
886 2627 1006 2713 Trojani

317 2717 463 2792 incendii,
484 2732 633 2794 ceteraque
649 2716 809 2797 ejusmodi,
829 2737 891 2797 qut
911 2740 1004 2799 partes

313 2813 436 2900 'guidem
453 2810 517 2877 sunt
535 2807 657 2885 fabule,
671 2829 731 2898 nou
750 2824 848 2877 autem
866 2810 1009 2885 auionut
