2625 3784
375 538 409 610 ir
522 535 914 611 uroumruruu·

372 697 444 763 iilia.
455 701 492 763 Iu
509 702 584 768 hane
605 724 692 786 porro
705 700 844 764 familiam
860 699 961 762 ascitus
982 700 1069 772 ilu-

370 792 415 865 lio
434 795 546 859 Caesare
573 797 723 865 avunculo
748 796 841 863 fuerat
860 792 1067 871 octavianus,

370 909 442 956 runc
451 915 548 957 rerum
557 912 661 979 potens
669 937 680 968 ,
689 909 775 973 atque
790 892 919 973 AEgypto
928 889 1067 966 subacti,

282 988 284 992 ’
371 991 416 1058 Μ.
434 990 565 1054 Antonio
582 1000 609 1053 &
625 993 787 1071 Cleopatra
801 985 975 1060 interfebis,
991 1009 1066 1051 unus

370 1080 447 1142 orbis
472 1084 597 1153 Romani
619 1084 764 1145 dominus.
784 1077 876 1141 Sciibi
902 1098 997 1160 coepta
1025 1080 1067 1148 est

369 1193 447 1237 anno
466 1175 506 1236 U.
533 1179 574 1240 c.
602 1165 673 1249 724.
697 1188 824 1253 exeunte
844 1193 854 1231 τ
878 1169 992 1256 Virgilii
1009 1193 1068 1242 40.

196 1325 204 1340 ,
240 1342 242 1345 ⁴
370 1265 524 1340 Obaviani
544 1290 592 1350 33·
606 1270 674 1332 crim
692 1269 911 1341 Obtavianusirr
929 1271 1068 1333 Afianon

370 1364 462 1448 longe
485 1364 521 1423 ab
544 1366 686 1447 Euphrate
707 1366 884 1445 hyemaret:
910 1382 996 1445 atque
1025 1367 1068 1434 ita

370 1459 513 1545 Virgilius
530 1460 594 1543 post
619 1462 774 1523 adhibitam
796 1460 948 1546 Georgicis
971 1480 1067 1524 extre*

372 1577 450 1622 mam
475 1575 618 1629 manum,
638 1555 778 1618 continub
802 1556 932 1619 animum
954 1555 1067 1625 AEneidi

372 1648 488 1719 videtur
505 1647 694 1731 applicuiffe3
715 1650 746 1722 in
771 1670 862 1740 eaque
885 1672 974 1724 annos
996 1692 1006 1724 ,
1033 1665 1067 1715 ut

375 1745 461 1807 habet
480 1743 619 1817 Servius,
639 1743 775 1809 undecim
801 1745 974 1819 collocasse,
995 1761 1068 1825 quot

375 1843 412 1904 ab
429 1859 466 1900 eo
484 1853 613 1921 tempore
626 1839 662 1900 ad
675 1832 802 1902 mortem
823 1838 931 1923 virgilii
947 1841 1067 1903 omnino

276 1976 280 1982 -
376 1953 571 2001 numerantur.
594 1941 717 2000 Secutus
737 1936 778 1999 est
803 1935 965 2020 Virgilius,
983 1953 1016 1999 ut
1036 1937 1068 1999 in

378 2031 525 2096 Bucolicis
547 2033 759 2110 Theocritum,
781 2031 809 2094 in
831 2022 981 2117 Georgicis
1001 2038 1068 2099 Her

380 2127 492 2190 liodum
508 2147 519 2200 ς
535 2126 574 2191 ita
590 2129 621 2193 in
639 2131 758 2206 AErreide
779 2134 963 2192 Homerum:
986 2132 1068 2213 cujus

382 2220 537 2305 Odyffeam
552 2225 600 2286 sex
618 2228 757 2307 prioribus
768 2225 865 2296 libris,
883 2223 1004 2285 Iliadem
1020 2226 1069 2302 serr

384 2322 589 2409 posterioribus
606 2322 762 2407 expressit,
784 2343 822 2382 an
843 2320 931 2384 etiam
951 2321 1069 2409 supera-2

385 2418 452 2503 riti
468 2418 504 2496 ld
521 2422 592 2508 rerb
602 2419 758 2509 ambigitur
768 2419 848 2498 iuter
861 2418 969 2495 doeiotr
