2625 3784
377 502 533 568 tinen
562 505 765 569 animun·
907 530 942 589 2,

252 677 321 733 Non
333 693 434 741 metus,
449 678 536 732 officio
551 695 597 732 nec
609 694 635 732 te
648 678 749 732 certasse
760 674 873 745 priorem

255 759 382 812 Poeniteat
394 779 402 812 a
415 758 471 812 sunt
484 761 512 811 δε
527 760 618 812 Siculis
632 757 778 826 regionibus
791 755 865 809 uther
880 785 890 816 ,

255 841 375 901 Arvaque
383 836 569 901 ,Troianoque
577 836 592 888 a
600 836 722 904 sanguine
730 838 809 887 clarus
820 835 930 889 Acestes·

255 923 400 984 Qanatam
412 921 495 975 ventis
510 920 586 974 liceat
599 920 734 972 subducere
748 919 869 978 classem,

254 1003 288 1053 Et
302 1001 378 1067 sylvia
391 1017 473 1069 aptare
485 1001 584 1061 trabes,
599 1001 761 1068 &stringere
775 1015 872 1053 remor.

254 1083 283 1136 Si
295 1082 368 1136 datur
380 1087 503 1145 Italiam,
519 1082 593 1135 sociis
607 1084 634 1133 δι
647 1098 707 1150 rege
722 1097 822 1148 recepto
835 1112 845 1143 ,

257 1162 376 1215 Tendere
384 1196 393 1225 ‚
401 1179 430 1216 ut
438 1162 541 1215 Italiam
550 1162 602 1213 laeti
610 1163 761 1227 Latiumque
769 1175 895 1227 petamus,

254 1242 301 1293 Sin
308 1241 436 1307 absumpta
443 1240 504 1293 salus
512 1274 521 1302 ,
530 1243 558 1293 δι
565 1256 592 1292 te
602 1272 610 1301 ,
619 1256 687 1306 pater
696 1242 793 1305 optime
801 1236 950 1305 Teucriam,

207 1331 248 1373 aa.
256 1318 353 1371 Pontus
361 1318 437 1370 habet
446 1317 532 1383 Libyae
542 1349 551 1378 ,
563 1332 609 1369 nec
619 1317 672 1383 sper
682 1318 733 1380 iam
744 1319 814 1369 restat
823 1318 877 1370 liiii
888 1348 898 1379 ,

256 1399 299 1450 At
311 1396 376 1448 freta
388 1396 493 1448 Sicaniae
505 1395 614 1456 saitem,
631 1393 745 1457 sedesque
758 1410 852 1459 paratas
867 1425 876 1455 ,

257 1474 394 1527 Undehuc
403 1475 521 1534 adveffi,
536 1488 672 1539 regemque
683 1488 797 1538 petamus
807 1474 936 1525 Acestem·

257 1556 369 1610 Talibus
382 1556 496 1607 Ilioneus
509 1570 516 1604 r
530 1555 614 1606 cuncti
627 1550 703 1606 simul
716 1568 760 1605 ore
772 1549 914 1608 fremebant

256 1629 430 1691 Dardanide.

292 1799 365 1850 Tum
373 1797 483 1855 breviter
491 1800 564 1854 Dido
571 1801 674 1853 vultum
682 1796 787 1852 demissa
795 1800 926 1865 profature

259 1875 360 1930 Solvite
369 1879 445 1932 corde
454 1894 552 1931 metum
562 1909 571 1940 ‚
582 1878 697 1937 Teucri,
709 1876 828 1930 secludite
836 1893 916 1929 curat.

261 1957 316 2007 Res
329 1954 410 2019 dura,
426 1959 454 2007 Bc
468 1959 541 2024 regni
556 1959 656 2009 novitas
670 1972 713 2008 me
726 1956 787 2008 ralia
799 1968 894 2021 cogunt

247 2028 249 2031 ⁵
263 2035 356 2085 Moliri
368 2066 377 2094 ,
391 2038 419 2087 δι
431 2038 482 2087 late
495 2034 560 2086 fines
574 2037 673 2087 custode
683 2037 761 2087 tueri.

262 2113 331 2175 Qia
340 2128 418 2179 genua
428 2114 574 2165 AEneadum
583 2144 592 2173 ,
600 2115 655 2176 quir
662 2114 749 2178 Tto'qae
757 2114 849 2166 nesciat
855 2105 964 2180 urbem,

206 2206 253 2241 rra.
263 2190 448 2253 virtutesque,
458 2187 574 2251 virosque
583 2219 593 2246 ,
601 2203 643 2240 aut
650 2193 715 2241 tanti
724 2192 840 2243 incendia
847 2191 933 2245 belli?

217 2239 236 2289 k
264 2268 332 2321 Non
346 2265 432 2318 obtusa
445 2266 509 2318 adeo
522 2269 642 2333 gestamur
656 2269 756 2332 pestota
769 2271 844 2322 Poeni
857 2299 867 2331 ,

263 2345 326 2399 Nec
338 2357 392 2395 tam
405 2342 503 2396 aversus
519 2359 596 2408 equos
608 2344 690 2410 Tyrii
703 2345 741 2399 sui
757 2346 840 2413 iungit
851 2344 883 2399 ab
893 2345 965 2404 urbe·

265 2433 316 2483 Seu
328 2443 375 2480 vor
387 2427 535 2494 Hesperiam
549 2444 670 2495 magnam
683 2462 693 2493 ,
706 2435 866 2497 Saturniaque
879 2452 939 2489 arva
953 2465 964 2499 ,

267 2509 328 2561 Sive
341 2509 427 2574 Erycis
441 2507 506 2561 fines
518 2540 527 2570 ,
540 2525 677 2575 regemque
689 2512 779 2577 optatis
795 2516 934 2577 Acestem,

270 2586 381 2637 Auxilio
394 2600 463 2638 tutos
476 2586 626 2647 dimittam,
639 2586 773 2653 opibusque
785 2589 887 2654 iuvabo·

267 2668 397 2720 Vultis&
409 2670 450 2721 hir
466 2684 569 2721 mecum
584 2670 677 2735 pariuer
690 2668 816 2723 considete
830 2670 938 2739 regnis?

270 2741 370 2796 Urbem
382 2761 457 2809 quarn
469 2750 565 2809 statuo,
577 2750 657 2799 veura
669 2750 703 2801 est
714 2748 857 2819 :subducite
867 2763 967 2814 naverg

272 2826 343 2875 Troe
357 2826 494 2891 Tyriusque
509 2828 575 2879 mihi
587 2830 660 2879 nullo
672 2825 818 2880 discrimine
829 2842 928 2893 agetur.

271 2904 362 2968 Atque
375 2904 472 2979 utinam
484 2920 530 2961 rex
541 2903 594 2972 ipse
605 2907 682 2962 Nutu
693 2903 834 2973 compulsus
843 2902 939 2960 eodem
