2625 3784
408 488 567 555 'rruurr
600 494 850 573 quartus,
928 514 982 573 ιο,

294 638 631 713 (Testorutnrmquecaputl
642 651 735 700 celeres
743 648 860 701 mandatu
866 662 909 715 per
916 666 983 703 aurae

293 722 398 775 Detulit
413 741 419 770 =
434 724 484 790 ipse
497 728 583 779 Deum
597 728 728 779 manifesto
742 730 770 779 iu
785 728 885 778 lumine
900 729 954 779 vidi

293 802 436 857 Intrantem
450 822 532 859 murm
547 838 556 869 ‚
571 821 710 870 vocemque
723 807 763 858 hia
776 803 874 857 auribus
886 805 966 863 naun.

296 880 390 936 Define
399 900 487 950 meque
497 889 545 940 tuit
553 886 689 939 incendere
698 901 771 952 teque
782 887 908 951 querelis:

296 961 396 1018 ltaliam
410 985 461 1022 non
474 966 560 1035 sponte
573 967 671 1035 sequor.

326 1119 399 1172 Talia
413 1120 542 1177 dicentem
558 1124 705 1189 iamdudum
721 1113 805 1177 aversa
820 1137 904 1175 tuetur
918 1151 929 1184 ‚

293 1197 349 1249 lluc
360 1199 421 1252 illuc
435 1206 542 1256 volvent
553 1206 658 1262 oculor,
675 1219 805 1267 totumque
819 1216 929 1270 pererret

291 1277 441 1331 Luminibua
455 1282 557 1341 tacitis,
572 1283 599 1333 8ι
612 1281 645 1334 fic
657 1281 757 1335 aceensa
766 1296 889 1347 precatur.
969 1319 973 1324 -

290 1356 984 1426 Nectibmivapuenngenerisnecnaxdanusauetor,

290 1432 392 1488 Perfide
404 1452 412 1485 r
425 1436 467 1488 sed
483 1438 552 1487 duris
565 1438 653 1502 genuit
666 1450 692 1487 te
707 1436 814 1487 cautibus
826 1439 931 1489 horrent

293 1507 414 1560 Caucasus
427 1539 435 1565 ,
447 1512 616 1572 Hyrcanaque
624 1510 759 1562 admorunt
767 1508 841 1561 ubera
848 1512 937 1575 tigres.
967 1531 974 1562 ·.

293 1582 985 1648 Namquiddilsrmulouurquaemeedmaloraresetvo?

294 1662 370 1713 Num
380 1658 443 1711 fletu
453 1661 579 1727 ingemuit
594 1664 677 1714 nostro
688 1664 699 1714 l
710 1678 772 1715 num
783 1663 880 1714 lumina
888 1660 960 1715 flexit
971 1660 985 1711 ἒ

294 1740 985 1803 Numlactvmarvlsturdedinautuuseratusamautem

293 1888 358 1952 Que
364 1887 449 1953 quibus
455 1892 605 1944 anteferam?
613 1891 664 1957 iam
671 1890 721 1956 iam
728 1908 775 1945 nec
781 1891 985 1957 maximum,

291 1969 352 2022 Nee
363 1972 557 2023 Saturnios'haec
569 1972 650 2022 oculis
664 1988 732 2039 pater
743 1971 832 2038 aspicit-
842 1972 929 2035 equit.

290 2044 423 2109 Nusquam
433 2062 487 2100 tura
499 2047 573 2100 fides.
587 2050 702 2113 Ejedlum
715 2051 802 2102 littore
817 2080 826 2111 ,
842 2062 962 2114 egentem

291 2127 409 2191 Excepi,
424 2128 452 2178 de
467 2128 540 2193 regni
553 2128 658 2179 dement
673 2130 702 2179 in
715 2141 785 2193 parre
797 2128 880 2180 locavi
894 2145 903 2192 ς

293 2202 419 2255 Amuam
432 2204 550 2263 classem,
566 2201 645 2254 socios
658 2202 673 2254 d
686 2218 769 2254 morte
781 2202 871 2253 reduxi
885 2215 894 2250 a

293 2286 354 2337 Heu
365 2284 437 2335 furiis
448 2283 547 2336 incensa
557 2286 625 2337 feror
637 2288 645 2337 l
662 2287 740 2339 Nunc
752 2300 829 2353 augur
842 2275 964 2347 Apollo,

291 2364 463 2427 Nunclytiae
472 2362 549 2415 sotter
556 2393 567 2424 ,
582 2381 648 2417 nunc
660 2368 759 2425 &Jove
767 2366 852 2416 miffus
859 2360 889 2414 ab
898 2358 954 2427 ipso

290 2445 417 2508 Interpret
430 2440 531 2494 Divum
545 2446 593 2494 fert
606 2444 708 2496 horrida
721 2443 779 2507 iufl'r
793 2458 836 2507 per
848 2456 927 2494 aurat·

290 2526 391 2577 Scilicet
402 2525 425 2576 ia
436 2526 537 2589 Superis
548 2523 618 2577 labor
630 2528 665 2578 est
677 2543 685 2576 r
700 2543 729 2577 ea
741 2542 797 2579 cura
810 2525 909 2588 quietos

290 2604 425 2656 Sollicitat.
437 2604 528 2667 Neque
540 2618 567 2656 te
579 2619 674 2666 teneo,
689 2620 769 2667 neque
779 2602 846 2655 dieta
856 2603 960 2656 refello·

291 2682 305 2733 1
314 2711 324 2742 ‚
332 2680 429 2743 sequere
437 2683 538 2734 Italiam
544 2685 628 2737 ventio
635 2715 644 2745 ,
652 2699 709 2750 pete
716 2684 932 2752 regnaperundas.

291 2769 369 2829 Spero
376 2766 491 2828 equidem
496 2769 587 2821 mediis
597 2800 607 2831 ‚
619 2768 704 2833 srquid
709 2771 748 2834 pia
755 2770 858 2821 numina
864 2766 981 2834 possuntt

291 2840 917 2911 suppuciahausunmscopuis,&nominenidu
973 2839 981 2856 ⁹
