2625 3784
440 517 543 572 'IN
581 506 865 572 AENMD'A·
964 504 1004 569 lx

316 667 392 730 rium
412 652 641 732 librunAEneidi
658 667 786 741 affuere,
801 686 861 746 quo
876 663 1005 731 dolorem

317 774 519 847 Rutulorum,
537 772 631 851 Turni
655 771 762 841 funus,
785 772 882 830 AEneae
900 769 1007 851 nuptias

315 872 344 926 ἃ
355 866 519 948 apotheofin
533 863 706 946 complexus
731 859 793 922 est:
811 856 920 921 temeri
941 882 1007 922 orn-

315 960 396 1022 nino.
413 966 492 1024 Nam
505 957 665 1043 apotheotis
686 955 704 1019 ri
721 956 796 1025 Jove
818 949 950 1035 promissa
968 953 1008 1017 est

315 1052 365 1115 lib.
396 1075 420 1117 r.
441 1064 510 1131 263.
531 1063 610 1115 Feres
633 1054 670 1114 ad
690 1051 778 1121 fidere
801 1048 870 1112 cels·
891 1070 1008 1131 magna-

314 1149 421 1210 nimum
431 1158 557 1211 AEneam.
568 1156 647 1211 Turn
665 1148 832 1210 confirmata
842 1144 865 1206 1.
877 1165 926 1211 rt.
940 1165 1007 1219 794·

313 1250 468 1329 Indigetem
479 1258 595 1312 AEneam
599 1251 659 1329 scis
668 1250 727 1333 ipsa
738 1248 791 1323 ,θ’
796 1248 873 1326 scire
878 1248 984 1328 fateris
993 1267 1007 1322 ,·

313 1342 421 1403 Deberi
439 1341 519 1405 Celo.
531 1344 596 1413 Janr
615 1342 734 1405 Lavinia
757 1360 936 1425 regnumque
946 1344 1008 1402 La·

311 1432 487 1498 eiiiTumo
504 1435 646 1497 moriente
665 1437 766 1512 AEneae
788 1432 965 1516 permittitur
982 1431 1006 1495 l.

317 1546 367 1588 ιι.
387 1548 458 1607 937.
486 1527 592 1603 Tuaest
616 1528 741 1588 Lavinia
760 1529 1006 1599 conjuncetera,

311 1639 377 1697 quae
400 1619 438 1679 ad
468 1640 609 1700 pompam
637 1621 806 1699 luctumque
832 1618 1005 1701 pertinent,

312 1712 419 1795 frigida
431 1732 467 1772 ac
482 1713 631 1795 puerilia,
651 1712 729 1778 cerri
749 1712 868 1807 minimi
880 1710 1007 1777 nocella·

312 1825 366 1869 na.

349 1885 576 1971 Magnitudinem
597 1882 685 1950 habet
705 1908 808 1949 certam
827 1909 862 1951 ac
872 1888 1005 1967 justanti

312 1977 383 2045 licet
397 1983 476 2047 enim
495 1987 561 2044 οᾶο
579 1980 693 2044 circiter
714 1977 795 2045 annis
807 1978 915 2047 duraffe
929 1983 1003 2044 aiiio

311 2091 373 2137 tora
390 2076 500 2137 dicatur
513 2096 524 2146 3
540 2097 631 2136 unum
643 2093 741 2137 tamen
759 2095 796 2135 ex
805 2074 861 2148 iis,
876 2093 1003 2153 eumque

309 2166 449 2227 ultimum
459 2206 469 2236 ,
480 2162 566 2244 po'cra
576 2165 778 2245 complectitur
790 2192 798 2227 r
815 2165 1003 2246 superioribus

310 2249 428 2339 reliquis
449 2259 479 2318 in
492 2257 664 2339 episodicam
681 2262 776 2319 AEneae
795 2256 893 2319 corant
903 2259 1000 2322 Dido-

307 2370 345 2416 ne
363 2350 552 2413 narrationem
578 2351 705 2414 redaclis.
725 2352 914 2413 Mambrunus
932 2351 1000 2432 quiq

308 2449 374 2511 dem
390 2447 534 2509 sexdecim
551 2449 660 2510 menses
675 2448 786 2511 AEneidi
799 2448 945 2524 attribuit,
960 2454 998 2514 eo

307 2541 443 2604 adductus
454 2579 465 2607 ‚
476 2537 554 2619 quod
572 2541 729 2617 Anchises,
744 2562 779 2605 ut
790 2565 828 2605 ex
839 2545 890 2605 lib.
909 2567 934 2620 5.
956 2545 998 2616 Ιί-Ι

308 2633 427 2713 quidum
445 2631 510 2705 est,
527 2629 632 2694 obierit
647 2634 679 2696 in
698 2637 795 2702 Sicilia
814 2659 907 2702 verno
919 2657 994 2701 rem-

307 2748 388 2812 pore.
406 2726 492 2789 Unde
502 2724 541 2788 fic
560 2727 694 2813 colligit:
709 2738 833 2797 AEneam
845 2756 904 2796 non
915 2734 996 2815 mul-¹

307 2824 341 2892 ti
355 2822 416 2909 post
432 2864 444 2899 ,
469 2818 565 2892 verno
578 2825 652 2893 irem
672 2848 803 2915 tempore
818 2871 832 2907 ,
848 2827 916 2892 inde
935 2827 1010 2904 sol-g.¹
