2625 3784
318 515 376 567 106
522 500 846 571 AENEIDOS

315 659 429 713 Luderet
440 665 536 715 AEneat
549 695 558 722 ‚
573 665 615 725 qui
626 679 652 714 tc
665 675 764 714 tantum
777 678 822 713 ore
836 665 964 727 referret,

315 738 380 791 Non
389 739 505 804 equidem
515 744 622 793 omnino
630 757 714 807 capta,
725 756 766 793 aut
774 741 871 793 deserta
879 743 989 796 viderer.

346 913 466 965 Dixerat.
480 916 530 967 ille
544 914 614 970 lovis
627 914 733 964 monitis
746 911 855 964 immota
867 912 969 967 tenebat

296 989 446 1047 ¹fiumina,
463 990 490 1039 δε
505 991 612 1041 obnixus
625 1003 709 1039 curam
723 985 766 1038 sub
779 988 854 1038 corde
867 987 1005 1052 premebat.

316 1068 433 1140 frondem
443 1082 517 1131 pauca
527 1071 612 1119 refert.
623 1067 678 1133 Ego
687 1082 713 1118 te
724 1097 733 1126 ‚
750 1081 802 1129 quat
812 1068 921 1132 plurima
930 1068 1006 1124 lando

315 1146 468 1198 Enumerare
482 1148 569 1198 vales·
585 1160 732 1208 nunquam,
749 1144 866 1211 Regina,
884 1146 981 1214 negabo

316 1221 482 1275 promeritam
493 1241 502 1285 ς
520 1238 566 1274 nec
575 1238 618 1274 me
626 1223 769 1273 meminisse
779 1219 875 1287 pigebit
883 1223 973 1285 Elisct,

314 1298 386 1351 Dum
394 1313 495 1350 memor
501 1298 553 1365 ipse
559 1300 690 1351 meldum
697 1299 847 1365 spiritushos
853 1315 923 1366 reget
929 1317 1007 1357 attus.

314 1375 364 1428 Pro
371 1388 398 1422 re
407 1378 573 1439 paucaloquat
581 1393 589 1425 a
598 1378 655 1428 Nec
662 1390 710 1441 ego
717 1377 779 1427 hanc
786 1372 1006 1434 abscondetefurto

313 1454 433 1518 speravi,
444 1471 476 1505 ne
485 1452 555 1522 finge
563 1488 572 1513 ‚
580 1459 682 1522 fugam3
694 1471 739 1505 nec
746 1453 859 1520 coniugis
866 1470 974 1519 unquam

314 1531 438 1585 Praetendi
450 1533 545 1591 tadu,
558 1548 599 1585 aut
611 1536 666 1585 haec
678 1533 707 1583 in
720 1532 814 1585 foedera
828 1536 900 1587 veni.

313 1608 361 1661 Me
374 1605 392 1656 si
406 1609 457 1659 fata
471 1611 536 1661 meis
551 1624 694 1675 paterentur
706 1608 795 1659 ducere
808 1609 890 1661 vitam
991 1647 993 1651 -

314 1685 461 1751 Auspiciis,
476 1693 504 1742 lit
519 1689 606 1756 sponte
617 1708 675 1742 mea
688 1705 839 1755 componere
850 1705 918 1741 curat
931 1717 940 1751 ‚

313 1764 412 1816 Urb'em
424 1770 563 1832 Troianam
576 1767 710 1835 primum,
723 1768 854 1833 dulcesque
866 1782 982 1821 meorum

312 1843 442 1904 Reliquias
454 1848 566 1896 colerem
579 1862 586 1891 ε
600 1845 697 1897 Priami
711 1846 777 1897 testa
790 1846 841 1895 alta
850 1857 1006 1910 manerent,

312 1922 346 1973 Et
360 1919 470 1973 recidiva
484 1938 562 1973 marau
576 1920 709 1987 posuissem
721 1926 843 1987 Pergama
852 1923 940 1976 vitiis.
964 1951 967 1956 ·

312 1991 361 2043 Sed
375 2009 441 2047 nunc
454 1998 557 2050 Italiam
570 2012 691 2066 magnam
705 2001 827 2065 Gryneus
840 2000 939 2064 Apollo
954 2026 967 2061 2

309 2075 413 2129 Italiam
426 2081 511 2147 Lyciae
526 2079 616 2146 inscite
629 2084 750 2148 capessere
762 2081 848 2134 sortes.
993 2090 996 2094 ’

310 2152 362 2205 Hic
370 2171 444 2210 amor
454 2190 463 2221 ‚
473 2161 528 2212 haec
536 2162 615 2225 patria
622 2161 655 2211 est
666 2176 674 2210 t
684 2159 703 2211 fi
712 2174 738 2211 te
747 2160 906 2227 Carthaginis
915 2172 983 2228 aroea

309 2230 483 2298 Phoenissam,
497 2234 645 2301 Libycaeque
658 2236 765 2301 aspectu
778 2237 876 2296 detinet
888 2234 978 2299 urbia,

307 2315 373 2378 Qrae
384 2320 488 2372 tandem
502 2318 616 2371 Ausonii
631 2323 746 2370 Teucros
758 2320 886 2371 confidere
899 2317 968 2371 terti

306 2389 409 2445 invidia
420 2397 475 2447 ess?
489 2395 516 2445 δι
531 2409 577 2444 not
590 2396 626 2445 fas
640 2407 728 2445 extera
741 2408 850 2455 quaerere
863 2406 951 2458 tegna.

196 2527 208 2552 μ
307 2471 354 2523 Me
366 2476 441 2537 patric
455 2472 592 2536 Anchisae,
605 2475 703 2538 quoties
716 2469 877 2525 humentibus
889 2470 987 2525 umbria

308 2548 372 2601 Nox
382 2540 464 2624 sperit
475 2566 572 2612 terrac,
587 2551 683 2615 quoties
698 2551 758 2602 astra
769 2549 844 2614 ignea
856 2545 960 2614 surgunt
972 2579 985 2614 ,

310 2623 445 2679 ¹Admonet
457 2628 486 2678 itt
498 2627 593 2681 somnis
606 2631 632 2681 &
645 2628 743 2681 turbida
757 2641 835 2680 terret
849 2626 948 2692 imago·

312 2707 358 2758 Me
373 2721 431 2771 puer
444 2707 584 2768 Ascanius,
598 2706 730 2773 capitisque
743 2704 836 2768 iniuria
848 2704 916 2757 chari
930 2735 940 2765 ‚

313 2785 399 2848 Quem
410 2800 489 2849 tegno
500 2783 627 2850 Hesperiae
638 2784 725 2836 fraudo
737 2785 764 2836 &
777 2783 891 2836 fatalibus
903 2785 979 2837 arvia.

312 2865 391 2922 Nunc
401 2863 480 2919 etlam
489 2861 611 2929 interpres
622 2858 723 2917 Diuitm
735 2864 800 2921 Jove
812 2861 896 2915 missu
907 2859 937 2914 ab
948 2856 1005 2929 ipso
