2625 3784
296 579 343 630 a»
488 562 825 638 AEurruos

332 700 462 767 Postquam
470 706 610 775 introgreffi
616 742 625 773 ‚
636 712 663 763 de
672 729 757 768 eoram
764 718 822 782 dara
830 724 901 788 eopia
909 723 981 779 fandi
987 736 1002 791 3

299 782 432 840 Maximus
445 792 557 845 Ilioneus
570 798 670 861 placido
683 796 716 852 sic
730 804 829 867 pedore
841 810 919 875 eoepit
932 830 940 862 s

301 868 455 936 ORegina‚
469 889 563 927 novam
576 877 617 929 cui
629 878 738 932 condere
749 883 846 948 Jupiter
859 886 966 952 urbem,

300 952 445 1020 Justitiaque
457 959 529 1014 dedit
544 975 631 1029 gentes
645 964 749 1015 fraenare
763 963 874 1030 superbas
891 996 901 1026 ,

299 1035 385 1089 Trobs
400 1040 545 1106 semiferi,
558 1046 642 1097 ventis
654 1047 734 1098 maria
748 1048 835 1099 omnia
848 1047 915 1099 vesti
929 1083 941 1110 ,

300 1119 411 1171 Oramus
424 1138 432 1171 ε
445 1123 550 1188 prohibe
563 1126 680 1179 infandos
695 1123 710 1178 ἑ
723 1126 826 1181 navibus
839 1129 911 1195 ignes
929 1146 939 1190 ς

235 1216 287 1254 aaa
298 1196 376 1250 narce
386 1199 430 1264 pio
443 1204 549 1267 generi,
562 1206 589 1255 δι
601 1201 704 1270 propius
717 1222 755 1257 res
769 1206 846 1273 aspice
859 1208 964 1260 nostras·

299 1276 365 1328 Non
378 1293 426 1330 nos
439 1295 481 1332 aut
494 1284 561 1334 ferro
576 1281 684 1347 Libycos
698 1288 815 1351 populare
828 1299 930 1351 penates

298 1362 446 1430 Venimus,
456 1383 499 1423 aut
506 1386 584 1436 raptas
594 1371 626 1424 ad
634 1372 722 1427 littora
731 1391 830 1428 vertere
838 1374 929 1441 praedas
939 1391 947 1425 a

298 1448 364 1503 Non
377 1470 408 1506 ea
420 1453 460 1506 vis
472 1455 559 1509 animo
575 1488 584 1518 ,
600 1473 646 1509 nee
660 1472 729 1510 tanta
741 1456 851 1523 superbia
864 1455 951 1507 vidis.

299 1527 341 1579 Est
350 1532 419 1587 locus
430 1534 594 1603 [Hesperiam
604 1544 679 1595 Graii
690 1542 844 1608 cognomine
853 1538 961 1604 dieunt)

299 1617 384 1672 Terra
390 1625 504 1689 antiqua,
513 1640 601 1690 potens
607 1628 684 1679 armis
693 1658 702 1686 ‚
712 1640 785 1689 atque
793 1624 867 1677 ubere
876 1625 957 1691 glebae
968 1642 979 1680 s

299 1693 411 1750 nnotrii
426 1702 525 1753 coluere
539 1702 609 1766 viri3
629 1718 694 1754 nuuc
710 1704 776 1753 fama
791 1701 902 1753 minores

298 1772 404 1829 Italiam
416 1780 506 1833 dixisse
518 1782 588 1834 ducis
600 1783 634 1833 de
647 1782 755 1833 nomine
768 1796 883 1849 gentem.

295 1852 357 1903 Huc
371 1854 451 1905 cursus
465 1856 524 1908 suit.

297 1922 464 1980 consubito
479 1933 602 1997 assurgens
617 1927 696 1983 flauo
709 1927 837 1980 nimbosus
852 1929 938 1981 Orion

245 2003 331 2056 stain
339 2006 403 2057 vada
411 2024 472 2059 caeca
480 2008 554 2067 tulit,
563 2003 707 2073 penitusque
714 2004 855 2069 procacibus
863 2007 981 2071 Austris,

297 2086 394 2151 Perque
402 2089 480 2141 undas
489 2119 498 2151 ,
506 2086 635 2154 superante
644 2086 713 2146 saio,
724 2102 814 2153 perque
822 2086 892 2137 invia
902 2085 964 2142 saxa

297 2169 412 2237 Dispulit
426 2191 433 2223 a
446 2175 495 2226 huc
508 2173 578 2240 pauci
589 2171 674 2226 vestris
688 2170 834 2223 adnavimus
846 2169 909 2221 oris.

298 2255 377 2321 Qud
387 2271 464 2323 genas
474 2258 522 2309 hoe
530 2257 689 2315 hominum,
704 2267 790 2317 quaeve
799 2252 864 2306 hunc
873 2264 926 2302 tam
934 2247 997 2303 bar-

389 2337 448 2388 bara
461 2351 562 2387 morem

296 2417 430 2470 Permittit
440 2415 541 2480 patria?
556 2411 665 2476 hospitio
676 2405 838 2473 prohibemur
849 2419 941 2457 atenae.

297 2492 372 2557 Bella
385 2491 474 2551 cient,
488 2490 617 2555 primaque
628 2497 717 2537 uetant
730 2481 857 2534 confidere
869 2493 946 2529 terra.

296 2568 326 2622 Si
339 2584 418 2635 genus
430 2571 588 2628 humanm,
601 2569 629 2619 δε
642 2562 762 2617 mortuiis
772 2557 888 2613 temnitis
902 2572 998 2622 annas

298 2655 338 2703 At
349 2647 445 2715 sperate
456 2654 528 2705 Deos
540 2664 667 2702 memores
679 2643 749 2698 sandi
759 2654 832 2705 atque
843 2637 958 2692 nesundi-

296 2734 357 2784 Rex
369 2747 424 2784 erar
435 2736 531 2785 AEneas
543 2728 633 2787 nobis,
645 2740 695 2788 quo
709 2722 793 2788 iustior
805 2720 869 2770 ²lte1

276 2811 281 2821 '
295 2795 357 2867 Nec
371 2810 464 2874 pietate
479 2811 545 2863 fuit.
561 2820 608 2858 nee
618 2802 689 2855 bello
701 2797 800 2862 maior,
816 2798 843 2847 δι
856 2795 947 2848 armis.

237 2883 387 2961 senopem
399 2887 419 2939 si
431 2891 482 2940 sata
493 2887 579 2939 vium
591 2880 711 2937 servant,
726 2874 745 2928 fi
758 2872 866 2927 vescitur
880 2868 937 2962 auri

297 2964 425 3026 AEtherei
433 2998 444 3035 ‚
454 2983 502 3021 nee
509 2965 587 3019 adhuc
596 2955 735 3018 endelibus
743 2952 846 3010 occubat
854 2950 967 3012 umbus,
